@article{scikit-learn,
 title={Scikit-learn: Machine Learning in {P}ython},
 author={Pedregosa, F. and Varoquaux, G. and Gramfort, A. and Michel, V.
         and Thirion, B. and Grisel, O. and Blondel, M. and Prettenhofer, P.
         and Weiss, R. and Dubourg, V. and Vanderplas, J. and Passos, A. and
         Cournapeau, D. and Brucher, M. and Perrot, M. and Duchesnay, E.},
 journal={Journal of Machine Learning Research},
 volume={12},
 pages={2825--2830},
 year={2011}
}

@misc{cq,
    title={K-Means Clustering in OpenCV},
    author={Abid K},
    howpublished={URL: \url{http://opencv-python-tutroals.readthedocs.io/en/latest/py\_tutorials/py\_ml/py\_kmeans/py\_kmeans\_opencv/py\_kmeans\_opencv.html}},
    note={Consultado el 01/02/2017}
}